@misc{arduino,
  title = {Arduino dokumentacija},
  howpublished = {\url{https://www.arduino.cc/en/main/docs}},
  note = {Vrijeme pristupa: 21.9.2019}
} 

@misc{arduinoWiki,
  title = {Arduino wiki},
  howpublished = {\url{https://github.com/arduino/Arduino/wiki}},
  note = {Vrijeme pristupa: 21.9.2019}
} 

@misc{platformIOHome,
  title = {PlatformIO web stranica},
  howpublished = {\url{https://platformio.org}},
  note = {Vrijeme pristupa: 21.9.2019}
} 

@misc{arduinoConst,
  title = {Arduino constants},
  howpublished = {\url{https://www.arduino.cc/reference/en/language/variables/constants/constants}},
  note = {Vrijeme pristupa: 21.9.2019}
} 

@misc{psk,
  title = {What is phase shift keying?},
  howpublished = {\url{https://searchnetworking.techtarget.com/definition/phase-shift-keying}},
  note = {Vrijeme pristupa: 21.9.2019}
} 

@misc{unipolarvsbipolar,
  title = {The difference between unipolar and bipolar stepper motors},
  howpublished = {\url{https://techexplorations.com/blog_the-difference-between-unipolar-and-bipolar-stepper-motors}},
  note = {Vrijeme pristupa: 21.9.2019}
} 

@misc{hcbt,
  title = {HC-05 Datasheet},
  howpublished = {\url{http://www.electronicaestudio.com/docs/istd016A.pdf}},
  note = {Vrijeme pristupa: 21.9.2019}
} 

@misc{adriver,
  title = {A4988 Datasheet},
  howpublished = {\url{https://www.pololu.com/file/0J450/a4988_DMOS_microstepping_driver_with_translator.pdf}},
  note = {Vrijeme pristupa: 21.9.2019}
} 

@misc{mpu,
  title = {MPU6050 Datasheet},
  howpublished = {\url{https://store.invensense.com/datasheets/invensense/MPU-6050_DataSheet_V3\%204.pdf}},
  note = {Vrijeme pristupa: 21.9.2019}
} 

@misc{itc,
  title = {I$^2$C info},
  howpublished = {\url{https://i2c.info}},
  note = {Vrijeme pristupa: 21.9.2019}
} 

@misc{q,
  title = {PlatformIO web stranica},
  howpublished = {\url{https://platformio.org}},
  note = {Vrijeme pristupa: 21.9.2019}
} 


@book{dac,
    author    = "Satish K. Karna",
    title     = "Digital Electronicsâ€”GATE, PSUs and ES Examination",
    year      = "2005",
    publisher = "Vikas Publishing House Pvt Ltd",
}

@article{pidtuning,
    author    = "SAng, K.H. and Chong",
    title     = "PID control systemanalysis, design, and technology",
    year      = "2005",
    publisher = "IEEE Transactions on Control Systems Technology13",
}